<?xml version="1.0" encoding="UTF-8"?><collection xmlns="http://www.loc.gov/MARC21/slim"><record><leader>00425nam--2200133-i-4500</leader><controlfield tag="001">000004066</controlfield><controlfield tag="002">20161230</controlfield><controlfield tag="005">20161230201025</controlfield><controlfield tag="008">060222s1000------------r-----000-0-eng-d</controlfield><datafield ind1=" " ind2=" " tag="100"><subfield code="a">Bulavin, I.A</subfield></datafield><datafield ind1=" " ind2=" " tag="245"><subfield code="a">Masini pentru fabricarea obiectelor de ceramic a fina. traducere din limba rusa, pentru uzul intreprinderilor</subfield></datafield><datafield ind1=" " ind2=" " tag="260"><subfield code="a">Bucuresti, I.D.T., 210 P.(Litogr.)</subfield></datafield><datafield ind1=" " ind2=" " tag="490"><subfield code="a">Comitetul De Stat Pentru Tehnica</subfield></datafield><datafield ind1=" " ind2=" " tag="852"><subfield code="a">1334</subfield></datafield></record></collection>